<record><leader>00000cas a2200000 a 4500</leader><controlfield tag="001">51890704</controlfield><controlfield tag="008">030320d19691969scudr ne      0    0eng c</controlfield><datafield ind1=" " ind2=" " tag="010"><subfield code="a">  2012271257</subfield></datafield><datafield ind1=" " ind2=" " tag="040"><subfield code="a">SUC</subfield><subfield code="b">eng</subfield><subfield code="c">SUC</subfield><subfield code="d">OCLCQ</subfield><subfield code="d">SUC</subfield><subfield code="d">OCLCF</subfield></datafield><datafield ind1=" " ind2=" " tag="042"><subfield code="a">pcc</subfield></datafield><datafield ind1=" " ind2=" " tag="043"><subfield code="a">n-us-sc</subfield></datafield><datafield ind1="0" ind2=" " tag="130"><subfield code="a">Anderson journal (Anderson, S.C. : 1969)</subfield></datafield><datafield ind1="1" ind2="4" tag="245"><subfield code="a">The Anderson journal.</subfield></datafield><datafield ind1=" " ind2=" " tag="260"><subfield code="a">Anderson, S.C. :</subfield><subfield code="b">Robert C. Fort</subfield></datafield><datafield ind1=" " ind2=" " tag="300"><subfield code="a">v.</subfield></datafield><datafield ind1=" " ind2=" " tag="310"><subfield code="a">Daily</subfield></datafield><datafield ind1="1" ind2=" " tag="362"><subfield code="a">Began with Dec. 2, 1969; ceased in 1969?</subfield></datafield><datafield ind1=" " ind2=" " tag="588"><subfield code="a">Description based on: Vol. 1, no. 164 (Dec. 2, 1969).</subfield></datafield><datafield ind1=" " ind2=" " tag="588"><subfield code="a">Latest issue consulted: Vol. 1, no. 164 (Dec. 2, 1969).</subfield></datafield><datafield ind1=" " ind2="0" tag="651"><subfield code="a">Anderson County (S.C.)</subfield><subfield code="v">Newspapers.</subfield></datafield><datafield ind1=" " ind2="7" tag="655"><subfield code="a">Newspapers.</subfield><subfield code="2">fast</subfield><subfield code="0">(OCoLC)fst01423814</subfield></datafield><datafield ind1=" " ind2="7" tag="651"><subfield code="a">South Carolina</subfield><subfield code="z">Anderson County.</subfield><subfield code="2">fast</subfield><subfield code="0">(OCoLC)fst01209417</subfield></datafield><datafield ind1=" " ind2=" " tag="752"><subfield code="a">United States</subfield><subfield code="b">South Carolina</subfield><subfield code="c">Anderson</subfield><subfield code="d">Anderson.</subfield></datafield><datafield ind1="0" ind2="0" tag="780"><subfield code="t">News leader (Anderson, S.C.)</subfield><subfield code="w">(DLC)sn 93067606</subfield><subfield code="w">(OCoLC)27302333</subfield></datafield></record>